@book{Miller2012,
	author = {Adam Miller},
	title = {Some title},
	year = {2021},
	 }