@article{BUCHMULLER1991395,
 title = {Neutrino masses, neutral vector bosons and the scale of $\text{B}-\text{L}$ breaking},
 journal = {Phys. Lett. B},
 volume = {267},
 number = {3},
 pages = {395-399},
 year = {1991},
 issn = {0370-2693},
 doi = {https://doi.org/10.1016/0370-2693(91)90952-M},
 url = {https://www.sciencedirect.com/science/article/pii/037026939190952M},
 author = {W. Buchm√ºller and C. Greub and P. Minkowski}
}
